@Misc{ImGui,
  author =	 {Ocornut},
  title =	 {Dear ImGui},
  webpage   = {https://github.com/ocornut/imgui},
  lastaccess = {}
}
