@Misc{ImGui,
  author =	 {Ocornut},
  title =	 {Dear ImGui},
  webpage   = {https://github.com/ocornut/imgui},
  lastaccess = {}
}

@Misc{Box2D,
  author =	 {Erin Catto},
  title =	 {Box2D},
  webpage   = {https://box2d.org/},
  lastaccess = {}
}

@Misc{SDL,
  author =	 {SDL Community},
  title =	 {SDL2},
  webpage   = {https://wiki.libsdl.org/SDL2/FrontPage},
  lastaccess = {}
}

@Misc{iforce,
  author =	 {},
  title =	 {iforce2D},
  webpage   = {https://www.iforce2d.net/b2dtut/},
  lastaccess = {}
}

@book{GameEngineArchitecture,
  title={Game Engine Architecture},
  author={Gregory, J.},
  isbn={9781138035454},
  lccn={2018004893},
  series={Game Engine Architecture},
  url={https://books.google.es/books?id=FR-fAQAACAAJ},
  year={2018},
  publisher={CRC Press, Taylor \& Francis Group}
}

@book{Box2DBook,
  title={Introduction to Game Physics with Box2D},
  author={Parberry, I.},
  isbn={9781315360614},
  url={https://books.google.es/books?id=T803DwAAQBAJ},
  year={2017},
  publisher={CRC Press}
}

@book{RealTimeCollisionDetection,
  title={Real-Time Collision Detection},
  author={Ericson, C.},
  isbn={9781558607323},
  lccn={2005272332},
  series={Morgan Kaufmann Series in Inte},
  url={https://books.google.es/books?id=WGpL6Sk9qNAC},
  year={2004},
  publisher={Taylor \& Francis}
}

@book{GamePhysicsEngineDevelopment,
  title={Game Physics Engine Development: How to Build a Robust Commercial-Grade Physics Engine for your Game},
  author={Millington, I.},
  isbn={9780123819765},
  lccn={2010014533},
  url={https://books.google.es/books?id=xdkjjlNdzBsC},
  year={2010},
  publisher={Taylor \& Francis}
}

@book{ProgrammingTechniques,
  title={GPU gems: programming techniques, tips, and tricks for real-time graphics},
  author={Fernando, R.},
  url={https://books.google.es/books?id=kfdk5AAACAAJ},
  year={2006},
  publisher={Addision-Wesley}
}

@book{GamePhysics,
  title={Game Physics},
  author={Eberly, D.H.},
  isbn={9780123749031},
  lccn={2009049828},
  url={https://books.google.es/books?id=Ax47nwEACAAJ},
  year={2010},
  publisher={Taylor \& Francis}
}

@book{3DGameEngineArchitecture,
  title={3D Game Engine Architecture: Engineering Real-Time Applications with Wild Magic},
  author={Eberly, D.},
  isbn={9781482267310},
  url={https://books.google.es/books?id=h0NZDwAAQBAJ},
  year={2004},
  publisher={CRC Press}
}

@book{BlueprintsVisualScriptingUE5,
  title={Blueprints Visual Scripting for Unreal Engine 5: Unleash the true power of Blueprints to create impressive games and applications in UE5},
  author={Romero, M. and Sewell, B. and Cataldi, L.},
  isbn={9781801818698},
  url={https://books.google.es/books?id=yhZuEAAAQBAJ},
  year={2022},
  publisher={Packt Publishing}
}

@book{PhysicsForGameDevelopers,
  title={Physics for Game Developers: Leverage Physics in Games and More},
  author={Bourg, D. and Bywalec, B.},
  isbn={9781449392512},
  lccn={2015431674},
  url={https://books.google.es/books?id=bSzOygAACAAJ},
  year={2013},
  publisher={O'Reilly Media, Incorporated}
}

@book{VisualProgramming,
  title={Visual Programming},
  author={Shu, N.C.},
  isbn={9780442280147},
  lccn={87031596},
  url={https://books.google.es/books?id=qesmAAAAMAAJ},
  year={1988},
  publisher={Van Nostrand Reinhold}
}

@book{SDLGameDevelopment,
  title={SDL Game Development},
  author={Mitchell, S.},
  isbn={9781849696838},
  series={Community experience distilled},
  url={https://books.google.es/books?id=SbmfrHIlhK4C},
  year={2013},
  publisher={Packt Publishing}
}

@book{AudioProgrammingForInteractiveGames,
  title={Audio Programming for Interactive Games},
  author={Wilde, M.D.},
  isbn={9781136125812},
  lccn={2009659252},
  url={https://books.google.es/books?id=uKLTM4xAQ-oC},
  year={2004},
  publisher={Taylor \& Francis}
}

@book{C++AudioProgramming,
  title={Getting Started with C++ Audio Programming for Game Development},
  author={Gouveia, D.},
  isbn={9781849699105},
  series={Community experience distilled},
  url={https://books.google.es/books?id=UROGHF1dhXAC},
  year={2013},
  publisher={Packt Publishing}
}

@book{UnderstandingVideoGameMusic,
  title={Understanding Video Game Music},
  author={Summers, T.},
  isbn={9781107116870},
  lccn={2016014926},
  url={https://books.google.es/books?id=G6gODQAAQBAJ},
  year={2016},
  publisher={Cambridge University Press}
}

@book{GameProgrammingInC++,
  title={Game Programming in C++: Creating 3D Games},
  author={Madhav, S.},
  isbn={9780134597317},
  series={Game Design},
  url={https://books.google.es/books?id=VfxNDwAAQBAJ},
  year={2018},
  publisher={Pearson Education}
}


@misc{GitHub,
  author={github},
  title={GitHub},
  year={2020},
  url={https://github.com/},
}


@misc{GithubDesktop,
  author={github},
  title={GitHub Desktop},
  year={2020},
  url={https://desktop.github.com/},
}

@book{MetodosAgiles,
  title={M{\'e}todos {\'A}giles. Scrum, Kanban, Lean},
  author={G{\'o}mez, C.L. and Garc{\'\i}a, A.{\'A}. and de las Heras del Dedo, R.},
  isbn={9788441538887},
  series={MANUALES IMPRESCINDIBLES},
  url={https://books.google.es/books?id=N0OxswEACAAJ},
  year={2017},
  publisher={Anaya Multimedia}
}


@book{lengyel2010game,
  title={Game Engine Gems, Volume One},
  author={Lengyel, E.},
  isbn={9780763798963},
  url={https://books.google.es/books?id=WNfD2u8nIlIC},
  year={2010},
  publisher={Jones \& Bartlett Learning}
}

@book{de2008lua,
  title={Lua Programming Gems},
  author={de Figueiredo, L.H. and Celes, W. and Ierusalimschy, R.},
  isbn={9788590379843},
  url={https://books.google.es/books?id=wy1bPgAACAAJ},
  year={2008},
  publisher={Roberto Ierusalimschy}
}

@book{hecker2015unity,
  title={Unity: Scripting with C\#},
  author={Hecker, K.},
  url={https://books.google.es/books?id=WzFJzQEACAAJ},
  year={2015},
  publisher={linkedin.com}
}

@book{sherif2016unreal,
  title={Unreal Engine 4 Scripting with C++ Cookbook},
  author={Sherif, W. and Whittle, S.},
  isbn={9781785884689},
  url={https://books.google.es/books?id=zZ7cDgAAQBAJ},
  year={2016},
  publisher={Packt Publishing}
}

@book{valcasara2015unreal,
  title={Unreal Engine Game Development Blueprints},
  author={Valcasara, N.},
  isbn={9781784391782},
  url={https://books.google.es/books?id=4iLlCwAAQBAJ},
  year={2015},
  publisher={Packt Publishing}
}
